<record><leader>00000cas a22000007a 4500</leader><controlfield tag="001">12416789</controlfield><controlfield tag="008">850823d19301973wiuwr ne      0    0eng d</controlfield><datafield ind1=" " ind2=" " tag="010"><subfield code="a">sn 85040952 </subfield></datafield><datafield ind1=" " ind2=" " tag="040"><subfield code="a">NPV</subfield><subfield code="b">eng</subfield><subfield code="c">NPV</subfield><subfield code="d">OCLCQ</subfield></datafield><datafield ind1=" " ind2=" " tag="042"><subfield code="a">msc</subfield></datafield><datafield ind1=" " ind2=" " tag="045"><subfield code="a">x3x7</subfield></datafield><datafield ind1=" " ind2=" " tag="052"><subfield code="a">4123</subfield><subfield code="b">M4</subfield></datafield><datafield ind1="0" ind2=" " tag="130"><subfield code="a">Niagara journal (Niagara, Wis. : 1930)</subfield></datafield><datafield ind1="1" ind2="4" tag="245"><subfield code="a">The Niagara journal.</subfield></datafield><datafield ind1=" " ind2=" " tag="260"><subfield code="a">Niagara, Wis. :</subfield><subfield code="b">M. Boerner,</subfield><subfield code="c">-1973.</subfield></datafield><datafield ind1=" " ind2=" " tag="300"><subfield code="a">v. :</subfield><subfield code="b">ill.</subfield></datafield><datafield ind1=" " ind2=" " tag="310"><subfield code="a">Weekly</subfield></datafield><datafield ind1="0" ind2=" " tag="362"><subfield code="a">-forty-third year, no. 4 (Feb. 1, 1973).</subfield></datafield><datafield ind1="1" ind2=" " tag="362"><subfield code="a">Began with Dec. 12, 1930 issue.</subfield><subfield code="z">Cf. Oehlerts, d. E. Guide to Wis. newspapers.</subfield></datafield><datafield ind1=" " ind2=" " tag="500"><subfield code="a">Editor: M. Boerner, &lt;Dec. 19, 1930&gt;-Feb. 1, 1973.</subfield></datafield><datafield ind1=" " ind2=" " tag="530"><subfield code="a">Available on microfilm from The State Historical Society of Wisconsin.</subfield></datafield><datafield ind1=" " ind2=" " tag="580"><subfield code="a">Continued by: Niagara journal and Franklin's stove?</subfield></datafield><datafield ind1=" " ind2=" " tag="588"><subfield code="a">Description based on: Vol. 1 no. 2 (Dec. 19, 1930).</subfield></datafield><datafield ind1=" " ind2=" " tag="752"><subfield code="a">United States</subfield><subfield code="b">Wisconsin</subfield><subfield code="c">Marinette</subfield><subfield code="d">Niagara.</subfield></datafield><datafield ind1="1" ind2="0" tag="785"><subfield code="t">Niagara journal and Franklin's stove (Niagara, Wis. : 1973)</subfield><subfield code="w">(DLC)sn 85040953</subfield></datafield></record>